<record><leader>00000cas a22000007a 4500</leader><controlfield tag="001">38590877</controlfield><controlfield tag="008">980312d19291974vauwr ne      0    0eng d</controlfield><datafield ind1=" " ind2=" " tag="010"><subfield code="a">sn 98068317 </subfield></datafield><datafield ind1=" " ind2=" " tag="040"><subfield code="a">NVK</subfield><subfield code="b">eng</subfield><subfield code="c">NVK</subfield><subfield code="d">NVK</subfield><subfield code="d">OCLCQ</subfield><subfield code="d">OCLCF</subfield><subfield code="d">OCLCO</subfield></datafield><datafield ind1=" " ind2=" " tag="042"><subfield code="a">msc</subfield></datafield><datafield ind1=" " ind2=" " tag="043"><subfield code="a">n-us-va</subfield></datafield><datafield ind1="0" ind2=" " tag="130"><subfield code="a">South Boston News (South Boston, Va.)</subfield></datafield><datafield ind1="1" ind2="4" tag="245"><subfield code="a">The South Boston News.</subfield></datafield><datafield ind1=" " ind2=" " tag="260"><subfield code="a">South Boston, Va. :</subfield><subfield code="b">Record-Advertiser, Inc.</subfield></datafield><datafield ind1=" " ind2=" " tag="300"><subfield code="a">v.</subfield></datafield><datafield ind1=" " ind2=" " tag="310"><subfield code="a">Weekly</subfield></datafield><datafield ind1="1" ind2=" " tag="362"><subfield code="a">Began in 1929?</subfield></datafield><datafield ind1="0" ind2=" " tag="362"><subfield code="a">-82nd year (Oct. 29, 1974.).</subfield></datafield><datafield ind1=" " ind2=" " tag="588"><subfield code="a">Description based on: 38th year (June 11, 1929).</subfield></datafield><datafield ind1=" " ind2="0" tag="651"><subfield code="a">South Boston (Va.)</subfield><subfield code="v">Newspapers.</subfield></datafield><datafield ind1=" " ind2="0" tag="651"><subfield code="a">Halifax County (Va.)</subfield><subfield code="v">Newspapers.</subfield></datafield><datafield ind1=" " ind2="7" tag="655"><subfield code="a">Newspapers.</subfield><subfield code="2">fast</subfield><subfield code="0">(OCoLC)fst01423814</subfield></datafield><datafield ind1=" " ind2="7" tag="651"><subfield code="a">Virginia</subfield><subfield code="z">Halifax County.</subfield><subfield code="2">fast</subfield><subfield code="0">(OCoLC)fst01205211</subfield></datafield><datafield ind1=" " ind2="7" tag="651"><subfield code="a">Virginia</subfield><subfield code="z">South Boston.</subfield><subfield code="2">fast</subfield><subfield code="0">(OCoLC)fst01224823</subfield></datafield><datafield ind1=" " ind2=" " tag="752"><subfield code="a">United States</subfield><subfield code="b">Virginia</subfield><subfield code="c">Halifax</subfield><subfield code="d">South Boston.</subfield></datafield><datafield ind1="0" ind2="0" tag="780"><subfield code="t">News (South Boston, Va.)</subfield><subfield code="w">(DLC)sn 96094026</subfield></datafield><datafield ind1="0" ind2="7" tag="785"><subfield code="t">Record-avertiser (Halifax, Va.)</subfield><subfield code="w">(DLC)sn 95079584</subfield></datafield><datafield ind1="0" ind2="7" tag="785"><subfield code="t">News &amp; record</subfield><subfield code="w">(DLC)sn 84005212</subfield></datafield></record>